<record><leader>00000cas a2200000 a 4500</leader><controlfield tag="001">36073968</controlfield><controlfield tag="008">961212d187u18uumiuwr ne      0    0eng c</controlfield><datafield ind1=" " ind2=" " tag="010"><subfield code="a">sn 96077353 </subfield></datafield><datafield ind1=" " ind2=" " tag="040"><subfield code="a">MHN</subfield><subfield code="b">eng</subfield><subfield code="c">MHN</subfield><subfield code="d">OCL</subfield><subfield code="d">OCLCQ</subfield><subfield code="d">OCLCF</subfield><subfield code="d">OCLCO</subfield></datafield><datafield ind1="1" ind2=" " tag="029"><subfield code="a">AU@</subfield><subfield code="b">000012971775</subfield></datafield><datafield ind1=" " ind2=" " tag="042"><subfield code="a">pcc</subfield></datafield><datafield ind1=" " ind2=" " tag="043"><subfield code="a">n-us-mi</subfield></datafield><datafield ind1="0" ind2=" " tag="130"><subfield code="a">Weekly gazette (North Branch, Mich.)</subfield></datafield><datafield ind1="1" ind2="4" tag="245"><subfield code="a">The weekly gazette.</subfield></datafield><datafield ind1=" " ind2=" " tag="260"><subfield code="a">North Branch, Lapeer County, Mich. :</subfield><subfield code="b">F.J. Galbraith</subfield></datafield><datafield ind1=" " ind2=" " tag="300"><subfield code="a">v.</subfield></datafield><datafield ind1=" " ind2=" " tag="310"><subfield code="a">Weekly</subfield></datafield><datafield ind1=" " ind2=" " tag="580"><subfield code="a">Continued by: North Branch gazette?</subfield></datafield><datafield ind1=" " ind2=" " tag="588"><subfield code="a">Description based on: Vol. 4, no. 48 (Dec. 5, 1879).</subfield></datafield><datafield ind1=" " ind2="0" tag="651"><subfield code="a">North Branch (Mich.)</subfield><subfield code="v">Newspapers.</subfield></datafield><datafield ind1=" " ind2="0" tag="651"><subfield code="a">Lapeer County (Mich.)</subfield><subfield code="v">Newspapers.</subfield></datafield><datafield ind1=" " ind2="7" tag="655"><subfield code="a">Newspapers.</subfield><subfield code="2">fast</subfield><subfield code="0">(OCoLC)fst01423814</subfield></datafield><datafield ind1=" " ind2="7" tag="651"><subfield code="a">Michigan</subfield><subfield code="z">Lapeer County.</subfield><subfield code="2">fast</subfield><subfield code="0">(OCoLC)fst01204037</subfield></datafield><datafield ind1=" " ind2="7" tag="651"><subfield code="a">Michigan</subfield><subfield code="z">North Branch.</subfield><subfield code="2">fast</subfield><subfield code="0">(OCoLC)fst01233468</subfield></datafield><datafield ind1=" " ind2=" " tag="752"><subfield code="a">United States</subfield><subfield code="b">Michigan</subfield><subfield code="c">Lapeer</subfield><subfield code="d">North Branch.</subfield></datafield><datafield ind1="1" ind2="0" tag="785"><subfield code="t">North Branch gazette</subfield><subfield code="w">(DLC)sn</subfield><subfield code="w">(OCoLC)36073922</subfield></datafield></record>